@misc{electron,
  author = "GitHub",
  title = "Electron",
  year = "2015",
  url = "\url{http://electron.atom.io}",
  note = "[Online; accessed 15-October-2015]"
}

@article{tan2009practical,
  title={Practical attacks on the Mifare Classic},
  author={Tan, Wee Hon},
  journal={Imperial College London},
  year={2009}
}
