@inproceedings{nohl:2007:ccc,
  author    = {Karsten Nohl and Henryk Pl\"{o}tz},
  title     = {{Mifare: Little Security, Despite Obscurity}},
  booktitle = {24th Chaos Communication Congress},
  year      = {2007},
  month     = {December}
}

@article{rosati:2011:signatures,
  title={{Elliptic curve certificates and signatures for NFC signature records}},
  author={Rosati, Tony and Zaverucha, Greg},
  journal={Research in Motion, Certicom Research},
  pages={10},
  year={2011}
}

@article{kilas:2009:signatures,
  title={{Digital signatures on NFC tags}},
  author={Kilas, Markus},
  journal={(Unpublished Master of Science). KTH Royal Institute of Technology, Sweden},
  year={2009}
}

@inproceedings{kumar2006breaking,
  title={{Breaking ciphers with COPACOBANA--a cost-optimized parallel code breaker}},
  author={Kumar, Sandeep and Paar, Christof and Pelzl, Jan and Pfeiffer, Gerd and Schimmler, Manfred},
  booktitle={Proceedings of the 8th international conference on Cryptographic Hardware and Embedded Systems},
  year={2006},
  organization={Springer-Verlag}
}

@incollection{garcia2008dismantling,
  title={{Dismantling MIFARE classic}},
  author={Garcia, Flavio D and de Koning Gans, Gerhard and Muijrers, Ruben and Van Rossum, Peter and Verdult, Roel and Schreur, Ronny Wichers and Jacobs, Bart},
  booktitle={Computer Security-ESORICS 2008},
  pages={97--114},
  year={2008},
  publisher={Springer}
}

@inproceedings{garcia2009wirelessly,
  title={{Wirelessly pickpocketing a Mifare Classic card}},
  author={Garcia, Flavio D and Van Rossum, Peter and Verdult, Roel and Schreur, Ronny Wichers},
  booktitle={Security and Privacy, 2009 30th IEEE Symposium on},
  pages={3--15},
  year={2009},
  organization={IEEE}
}

@article{courtois2008algebraic,
  title={{Algebraic Attacks on the Crypto-1 Stream Cipher in MiFare Classic and Oyster Cards.}},
  author={Courtois, Nicolas and Nohl, Karsten and O'Neil, Sean},
  journal={IACR Cryptology ePrint Archive},
  volume={2008},
  pages={166},
  year={2008}
}

@misc{semiconductors2002mifare,
  title={{Mifare Standard 4K Byte Card IC MF1 IC S70 Functional Specification}},
  author={{Philips Semiconductors}},
  journal={2008-10-10]. http://www.nxp.com},
  year={2002}
}
